<record><leader>00000cas a22000007a 4500</leader><controlfield tag="001">11418000</controlfield><controlfield tag="008">841126d18591866wiuwr ne      0    0eng d</controlfield><controlfield tag="009">3770</controlfield><datafield ind1=" " ind2=" " tag="010"><subfield code="a">sn 84024924 </subfield></datafield><datafield ind1=" " ind2=" " tag="040"><subfield code="a">NPV</subfield><subfield code="b">eng</subfield><subfield code="c">NPV</subfield><subfield code="d">NPU</subfield><subfield code="d">NPV</subfield><subfield code="d">NPX</subfield></datafield><datafield ind1="1" ind2=" " tag="029"><subfield code="a">AU@</subfield><subfield code="b">000025834793</subfield></datafield><datafield ind1=" " ind2=" " tag="042"><subfield code="a">msc</subfield></datafield><datafield ind1=" " ind2=" " tag="043"><subfield code="a">n-us-wi</subfield></datafield><datafield ind1=" " ind2=" " tag="045"><subfield code="a">w5w6</subfield></datafield><datafield ind1=" " ind2=" " tag="052"><subfield code="a">4123</subfield><subfield code="b">O8</subfield></datafield><datafield ind1="0" ind2="4" tag="245"><subfield code="a">The Appleton motor.</subfield></datafield><datafield ind1=" " ind2=" " tag="260"><subfield code="a">Appleton, Wis. :</subfield><subfield code="b">F. A. Ryan &amp; C. Meade,</subfield><subfield code="c">1859-1866.</subfield></datafield><datafield ind1=" " ind2=" " tag="300"><subfield code="a">v. :</subfield><subfield code="b">ill. (chiefly adv.)</subfield></datafield><datafield ind1=" " ind2=" " tag="310"><subfield code="a">Weekly</subfield></datafield><datafield ind1="0" ind2=" " tag="362"><subfield code="a">Vol. 1, no. 1 (Aug. 18, 1859)-v.7, no. 41 (Sept. 13, 1866)</subfield></datafield><datafield ind1=" " ind2=" " tag="500"><subfield code="a">Publisher varies.</subfield></datafield><datafield ind1=" " ind2=" " tag="525"><subfield code="a">Supplements accompany some issues.</subfield></datafield><datafield ind1=" " ind2=" " tag="530"><subfield code="a">Available on microfilm from the State Historical Society of Wisconsin.</subfield></datafield><datafield ind1=" " ind2=" " tag="500"><subfield code="a">Editors: F.C. Meade, Aug. 18, 1859-&lt;Aug. 25. 1859&gt;; F.A. Ryan and E.D. Ross, July 25, 1861-July 31, 1862; E.D. Ross, April 6, 1865-&lt;August 10, 1865&gt;.</subfield></datafield><datafield ind1=" " ind2=" " tag="752"><subfield code="a">United States</subfield><subfield code="b">Wisconsin</subfield><subfield code="c">Outagamie</subfield><subfield code="d">Appleton.</subfield></datafield><datafield ind1="0" ind2="0" tag="785"><subfield code="t">Appleton post</subfield><subfield code="w">(DLC)sn 85033028</subfield></datafield></record>